<record><leader>00000cas a22000007a 4500</leader><controlfield tag="001">10248974</controlfield><controlfield tag="008">831223d19461947ohuwr ne      0    0eng d</controlfield><datafield ind1=" " ind2=" " tag="010"><subfield code="a">sn 83035692 </subfield></datafield><datafield ind1=" " ind2=" " tag="040"><subfield code="a">NPY</subfield><subfield code="b">eng</subfield><subfield code="c">NPY</subfield><subfield code="d">OCLCQ</subfield></datafield><datafield ind1=" " ind2=" " tag="042"><subfield code="a">msc</subfield></datafield><datafield ind1="0" ind2="0" tag="245"><subfield code="a">Shaker Heights sun and Shaker guide.</subfield></datafield><datafield ind1=" " ind2=" " tag="260"><subfield code="a">[Shaker Heights, Ohio] :</subfield><subfield code="b">Shaker Heights Sun,</subfield><subfield code="c">1946-1947.</subfield></datafield><datafield ind1=" " ind2=" " tag="300"><subfield code="a">1 v. :</subfield><subfield code="b">ill. ;</subfield><subfield code="c">43 cm.</subfield></datafield><datafield ind1=" " ind2=" " tag="310"><subfield code="a">Weekly</subfield></datafield><datafield ind1="0" ind2=" " tag="362"><subfield code="a">Vol. 15, no. 41 (Oct. 10, 1946)-v. 16, no. 14 (Apr. 3, 1947).</subfield></datafield><datafield ind1=" " ind2=" " tag="500"><subfield code="a">Published on Thursday.</subfield></datafield><datafield ind1=" " ind2=" " tag="500"><subfield code="a">"The Shaker Heights sun and guide is a weekly newspaper of general circulation in Shaker Heights, University Heights, and the Shaker Square district."</subfield></datafield><datafield ind1=" " ind2=" " tag="500"><subfield code="a">Continues numbering of: Shaker guide.</subfield></datafield><datafield ind1=" " ind2=" " tag="500"><subfield code="a">Editor: Harry Volk.</subfield></datafield><datafield ind1=" " ind2=" " tag="580"><subfield code="a">Formed by the union of: Shaker Heights sun, and: Shaker guide.</subfield></datafield><datafield ind1="1" ind2=" " tag="700"><subfield code="a">Volk, Harry.</subfield></datafield><datafield ind1=" " ind2=" " tag="752"><subfield code="a">United States</subfield><subfield code="b">Ohio</subfield><subfield code="c">Cuyahoga</subfield><subfield code="d">Shaker Heights.</subfield></datafield><datafield ind1="1" ind2="4" tag="780"><subfield code="t">Shaker Heights sun (Shaker Heights, Ohio : 1946)</subfield><subfield code="w">(DLC)sn 83035691</subfield></datafield><datafield ind1="1" ind2="4" tag="780"><subfield code="t">Shaker guide</subfield></datafield><datafield ind1="0" ind2="0" tag="785"><subfield code="t">Shaker Heights sun (Shaker Heights, Ohio : 1947)</subfield><subfield code="w">(DLC)sn 83035693</subfield></datafield><datafield ind1="1" ind2=" " tag="029"><subfield code="a">AU@</subfield><subfield code="b">000025787625</subfield></datafield></record>